<record><leader>00000cas a2200000 a 4500</leader><controlfield tag="001">36846235</controlfield><controlfield tag="008">970502c19969999fluer ne      0    0eng c</controlfield><datafield ind1=" " ind2=" " tag="010"><subfield code="a">sn 97027758 </subfield></datafield><datafield ind1=" " ind2=" " tag="040"><subfield code="a">FUG</subfield><subfield code="b">eng</subfield><subfield code="c">FUG</subfield><subfield code="d">OCLCQ</subfield><subfield code="d">OCLCF</subfield><subfield code="d">OCLCO</subfield></datafield><datafield ind1="1" ind2=" " tag="029"><subfield code="a">AU@</subfield><subfield code="b">000013250326</subfield></datafield><datafield ind1=" " ind2=" " tag="037"><subfield code="b">72 Pondella Rd., Suite 108, N. Ft. Myers, FL 33903</subfield><subfield code="c">$21.00</subfield></datafield><datafield ind1=" " ind2=" " tag="042"><subfield code="a">pcc</subfield></datafield><datafield ind1=" " ind2=" " tag="043"><subfield code="a">n-us-fl</subfield></datafield><datafield ind1="0" ind2="0" tag="245"><subfield code="a">Lee County examiner.</subfield></datafield><datafield ind1="3" ind2="0" tag="246"><subfield code="a">Examiner</subfield></datafield><datafield ind1=" " ind2=" " tag="260"><subfield code="a">North Fort Myers, Fla. :</subfield><subfield code="b">Lee County Examiner</subfield></datafield><datafield ind1=" " ind2=" " tag="300"><subfield code="a">v. :</subfield><subfield code="b">ill. ;</subfield><subfield code="c">44 cm.</subfield></datafield><datafield ind1=" " ind2=" " tag="310"><subfield code="a">Biweekly</subfield></datafield><datafield ind1="1" ind2=" " tag="362"><subfield code="a">Began in 1996.</subfield></datafield><datafield ind1=" " ind2=" " tag="500"><subfield code="a">"With a free press everything is correctable, and without ... concealable."</subfield></datafield><datafield ind1=" " ind2=" " tag="500"><subfield code="a">"North Fort Myer's community newspaper."</subfield></datafield><datafield ind1=" " ind2=" " tag="500"><subfield code="a">Publisher: Charles H. Liedtke.</subfield></datafield><datafield ind1=" " ind2=" " tag="588"><subfield code="a">Description based on: Vol. 1, no. 18 (Oct. 2, 1996).</subfield></datafield><datafield ind1=" " ind2=" " tag="588"><subfield code="a">Latest issue consulted: Vol. 2, no. 04 (Mar. 19, 1997).</subfield></datafield><datafield ind1=" " ind2="0" tag="651"><subfield code="a">North Fort Myers (Fla.)</subfield><subfield code="v">Newspapers.</subfield></datafield><datafield ind1=" " ind2="0" tag="651"><subfield code="a">Lee County (Fla.)</subfield><subfield code="v">Newspapers.</subfield></datafield><datafield ind1=" " ind2="7" tag="655"><subfield code="a">Newspapers.</subfield><subfield code="2">fast</subfield><subfield code="0">(OCoLC)fst01423814</subfield></datafield><datafield ind1=" " ind2="7" tag="651"><subfield code="a">Florida</subfield><subfield code="z">Lee County.</subfield><subfield code="2">fast</subfield><subfield code="0">(OCoLC)fst01202773</subfield></datafield><datafield ind1=" " ind2="7" tag="651"><subfield code="a">Florida</subfield><subfield code="z">North Fort Myers.</subfield><subfield code="2">fast</subfield><subfield code="0">(OCoLC)fst01216261</subfield></datafield><datafield ind1=" " ind2=" " tag="752"><subfield code="a">United States</subfield><subfield code="b">Florida</subfield><subfield code="c">Lee</subfield><subfield code="d">North Fort Myers.</subfield></datafield><datafield ind1="1" ind2=" " tag="776"><subfield code="t">Lee County examiner (North Fort Myers, Fla. : Online)</subfield><subfield code="w">(DLC)sn 97027908</subfield></datafield><datafield ind1="4" ind2=" " tag="856"><subfield code="u">http://www.cyberstreet.com/examiner/</subfield></datafield></record>